<?xml version="1.0" encoding="UTF-8"?>
<record>
  <leader>03096nas a2200685#c 4500</leader>
  <controlfield tag="003">DE-605</controlfield>
  <controlfield tag="005">20230807195721.0</controlfield>
  <controlfield tag="007">tu</controlfield>
  <controlfield tag="008">991118d19661984gw u||p|  ||| 0||||1ger c</controlfield>
  <controlfield tag="001">990054301770206441</controlfield>
  <datafield tag="015" ind1=" " ind2=" ">
    <subfield code="a">86,A25,0785</subfield>
    <subfield code="2">dnb</subfield>
  </datafield>
  <datafield tag="016" ind1="7" ind2=" ">
    <subfield code="a">133469-4</subfield>
    <subfield code="2">DE-600</subfield>
  </datafield>
  <datafield tag="016" ind1="7" ind2=" ">
    <subfield code="a">010772626</subfield>
    <subfield code="2">DE-101</subfield>
  </datafield>
  <datafield tag="022" ind1=" " ind2=" ">
    <subfield code="a">0171-5224</subfield>
  </datafield>
  <datafield tag="035" ind1=" " ind2=" ">
    <subfield code="a">(DE-599)ZDB133469-4</subfield>
  </datafield>
  <datafield tag="035" ind1=" " ind2=" ">
    <subfield code="a">(OCoLC)183206499</subfield>
  </datafield>
  <datafield tag="035" ind1=" " ind2=" ">
    <subfield code="a">(DE-600)133469-4</subfield>
  </datafield>
  <datafield tag="035" ind1=" " ind2=" ">
    <subfield code="a">(DE-101)010772626</subfield>
  </datafield>
  <datafield tag="040" ind1=" " ind2=" ">
    <subfield code="a">9001</subfield>
    <subfield code="b">ger</subfield>
    <subfield code="c">DE-101</subfield>
    <subfield code="d">9999</subfield>
  </datafield>
  <datafield tag="041" ind1=" " ind2=" ">
    <subfield code="a">ger</subfield>
  </datafield>
  <datafield tag="044" ind1=" " ind2=" ">
    <subfield code="c">XA-DE</subfield>
  </datafield>
  <datafield tag="084" ind1=" " ind2=" ">
    <subfield code="a">40</subfield>
    <subfield code="a">61</subfield>
    <subfield code="a">640</subfield>
    <subfield code="q">DE-101</subfield>
    <subfield code="2">sdnb</subfield>
  </datafield>
  <datafield tag="084" ind1=" " ind2=" ">
    <subfield code="a">910</subfield>
    <subfield code="q">DE-600</subfield>
    <subfield code="2">sdnb</subfield>
  </datafield>
  <datafield tag="245" ind1="0" ind2="0">
    <subfield code="a">Reisen in Deutschland</subfield>
    <subfield code="b">deutsches Handbuch für Fremdenverkehr</subfield>
    <subfield code="n">Band 2, Reisegebiete in Berlin (West), Bremen, Hamburg, Nordrhein-Westfalen, Niedersachsen, Rheinland-Pfalz, Saarland, Schleswig-Holstein</subfield>
    <subfield code="c">hrsg. im Auftrag des Deutschen Fremdenverkehrsverbandes e.V. Frankfurt/Main und in Zusammenarbeit mit dem Deutschen Bäderverband e.V</subfield>
  </datafield>
  <datafield tag="246" ind1="1" ind2="3">
    <subfield code="a">Reisen in Deutschland / 2</subfield>
  </datafield>
  <datafield tag="247" ind1="0" ind2="0">
    <subfield code="a">Bayern</subfield>
    <subfield code="f">Sachl. Benennung bis 25.1975</subfield>
  </datafield>
  <datafield tag="264" ind1="3" ind2="1">
    <subfield code="a">Darmstadt</subfield>
    <subfield code="b">Jaeger</subfield>
    <subfield code="c">1966-1984</subfield>
  </datafield>
  <datafield tag="336" ind1=" " ind2=" ">
    <subfield code="b">txt</subfield>
  </datafield>
  <datafield tag="337" ind1=" " ind2=" ">
    <subfield code="b">n</subfield>
  </datafield>
  <datafield tag="338" ind1=" " ind2=" ">
    <subfield code="b">nc</subfield>
  </datafield>
  <datafield tag="362" ind1="0" ind2=" ">
    <subfield code="a">19.[1966] - 34.1984</subfield>
  </datafield>
  <datafield tag="363" ind1="0" ind2="0">
    <subfield code="8">1.1\x</subfield>
    <subfield code="a">19</subfield>
    <subfield code="i">1966</subfield>
  </datafield>
  <datafield tag="363" ind1="1" ind2="0">
    <subfield code="8">1.2\x</subfield>
    <subfield code="a">34</subfield>
    <subfield code="i">1984</subfield>
  </datafield>
  <datafield tag="365" ind1=" " ind2=" ">
    <subfield code="b">kart. (Pr. nicht mitget.)</subfield>
  </datafield>
  <datafield tag="689" ind1="0" ind2="0">
    <subfield code="a">Deutschland</subfield>
    <subfield code="g">Bundesrepublik</subfield>
    <subfield code="D">g</subfield>
    <subfield code="0">(DE-588)4011889-7</subfield>
  </datafield>
  <datafield tag="689" ind1="0" ind2="1">
    <subfield code="a">Tourismus</subfield>
    <subfield code="D">s</subfield>
    <subfield code="0">(DE-588)4018406-7</subfield>
  </datafield>
  <datafield tag="689" ind1="0" ind2="2">
    <subfield code="a">Adressbuch</subfield>
    <subfield code="D">s</subfield>
    <subfield code="0">(DE-588)4141451-2</subfield>
  </datafield>
  <datafield tag="689" ind1="0" ind2=" ">
    <subfield code="5">DE-600</subfield>
    <subfield code="5">DE-600</subfield>
  </datafield>
  <datafield tag="883" ind1="1" ind2=" ">
    <subfield code="8">2\p</subfield>
    <subfield code="a">kasw</subfield>
    <subfield code="c">1,000</subfield>
    <subfield code="d">20230807</subfield>
    <subfield code="q">DE-101</subfield>
    <subfield code="u">https://d-nb.info/provenance/plan#kasw</subfield>
  </datafield>
  <datafield tag="883" ind1="1" ind2=" ">
    <subfield code="8">3\p</subfield>
    <subfield code="a">kasw</subfield>
    <subfield code="c">1,000</subfield>
    <subfield code="d">20230807</subfield>
    <subfield code="q">DE-101</subfield>
    <subfield code="u">https://d-nb.info/provenance/plan#kasw</subfield>
  </datafield>
  <datafield tag="883" ind1="1" ind2=" ">
    <subfield code="8">4\p</subfield>
    <subfield code="a">kasw</subfield>
    <subfield code="c">1,000</subfield>
    <subfield code="d">20230807</subfield>
    <subfield code="q">DE-101</subfield>
    <subfield code="u">https://d-nb.info/provenance/plan#kasw</subfield>
  </datafield>
  <datafield tag="883" ind1="1" ind2=" ">
    <subfield code="8">5\p</subfield>
    <subfield code="a">kasw</subfield>
    <subfield code="c">1,000</subfield>
    <subfield code="d">20230807</subfield>
    <subfield code="q">DE-101</subfield>
    <subfield code="u">https://d-nb.info/provenance/plan#kasw</subfield>
  </datafield>
  <datafield tag="883" ind1="1" ind2=" ">
    <subfield code="8">6\p</subfield>
    <subfield code="a">kasw</subfield>
    <subfield code="c">1,000</subfield>
    <subfield code="d">20230807</subfield>
    <subfield code="q">DE-101</subfield>
    <subfield code="u">https://d-nb.info/provenance/plan#kasw</subfield>
  </datafield>
  <datafield tag="883" ind1="1" ind2=" ">
    <subfield code="8">7\p</subfield>
    <subfield code="a">kasw</subfield>
    <subfield code="c">1,000</subfield>
    <subfield code="d">20230807</subfield>
    <subfield code="q">DE-101</subfield>
    <subfield code="u">https://d-nb.info/provenance/plan#kasw</subfield>
  </datafield>
  <datafield tag="883" ind1="1" ind2=" ">
    <subfield code="8">8\p</subfield>
    <subfield code="a">kasw</subfield>
    <subfield code="c">1,000</subfield>
    <subfield code="d">20230807</subfield>
    <subfield code="q">DE-101</subfield>
    <subfield code="u">https://d-nb.info/provenance/plan#kasw</subfield>
  </datafield>
  <datafield tag="883" ind1="1" ind2=" ">
    <subfield code="8">9\p</subfield>
    <subfield code="a">kasw</subfield>
    <subfield code="c">1,000</subfield>
    <subfield code="d">20230807</subfield>
    <subfield code="q">DE-101</subfield>
    <subfield code="u">https://d-nb.info/provenance/plan#kasw</subfield>
  </datafield>
  <datafield tag="883" ind1="1" ind2=" ">
    <subfield code="8">10\p</subfield>
    <subfield code="a">kasw</subfield>
    <subfield code="c">1,000</subfield>
    <subfield code="d">20230807</subfield>
    <subfield code="q">DE-101</subfield>
    <subfield code="u">https://d-nb.info/provenance/plan#kasw</subfield>
  </datafield>
  <datafield tag="780" ind1="0" ind2="0">
    <subfield code="i">Vorg.:</subfield>
    <subfield code="t">Deutsches Handbuch für Fremdenverkehr / 2</subfield>
    <subfield code="d">Darmstadt : Jaeger, 1951-1962</subfield>
    <subfield code="w">(DE-600)133444-X</subfield>
  </datafield>
  <datafield tag="780" ind1="0" ind2="0">
    <subfield code="i">Darin teils aufgeg.</subfield>
    <subfield code="t">Reisen in Deutschland / 4</subfield>
    <subfield code="d">Darmstadt : Jaeger, 1965-1975</subfield>
    <subfield code="x">0171-5283</subfield>
    <subfield code="w">(DE-600)133471-2</subfield>
  </datafield>
  <datafield tag="785" ind1="0" ind2="0">
    <subfield code="i">Forts.:</subfield>
    <subfield code="t">Reisen in Deutschland</subfield>
    <subfield code="d">Darmstadt : Reisen-in-Deutschland-Verl.-Ges., 1985-2002</subfield>
    <subfield code="x">0177-2953</subfield>
    <subfield code="w">(DE-600)133467-0</subfield>
  </datafield>
  <datafield tag="650" ind1=" " ind2="7">
    <subfield code="a">Hotel- und Gaststättengewerbe</subfield>
    <subfield code="2">local</subfield>
  </datafield>
  <datafield tag="651" ind1=" " ind2="7">
    <subfield code="a">Berlin</subfield>
    <subfield code="2">local</subfield>
  </datafield>
  <datafield tag="651" ind1=" " ind2="7">
    <subfield code="a">Bremen</subfield>
    <subfield code="2">local</subfield>
  </datafield>
  <datafield tag="651" ind1=" " ind2="7">
    <subfield code="a">Hamburg</subfield>
    <subfield code="2">local</subfield>
  </datafield>
  <datafield tag="651" ind1=" " ind2="7">
    <subfield code="a">Nordrhein-Westfalen</subfield>
    <subfield code="2">local</subfield>
  </datafield>
  <datafield tag="651" ind1=" " ind2="7">
    <subfield code="a">Niedersachsen</subfield>
    <subfield code="2">local</subfield>
  </datafield>
  <datafield tag="651" ind1=" " ind2="7">
    <subfield code="a">Rheinland-Pfalz</subfield>
    <subfield code="2">local</subfield>
  </datafield>
  <datafield tag="651" ind1=" " ind2="7">
    <subfield code="a">Saarland</subfield>
    <subfield code="2">local</subfield>
  </datafield>
  <datafield tag="651" ind1=" " ind2="7">
    <subfield code="a">Schleswig-Holstein</subfield>
    <subfield code="2">local</subfield>
  </datafield>
  <datafield tag="655" ind1=" " ind2="7">
    <subfield code="a">Zeitschrift</subfield>
    <subfield code="0">(DE-588)4067488-5</subfield>
    <subfield code="2">gnd-content</subfield>
  </datafield>
  <datafield tag="MBD" ind1=" " ind2=" ">
    <subfield code="M">49HBZ_NETWORK</subfield>
    <subfield code="i">990054301770206441</subfield>
    <subfield code="n">HBZ Network</subfield>
  </datafield>
  <datafield tag="MBD" ind1=" " ind2=" ">
    <subfield code="M">49HBZ_DET</subfield>
    <subfield code="i">991001699879706480</subfield>
    <subfield code="n">Hochschule fur Musik Detmold</subfield>
  </datafield>
  <datafield tag="980" ind1="1" ind2=" ">
    <subfield code="e">HBZ</subfield>
    <subfield code="9">LOCAL</subfield>
    <subfield code="M">49HBZ_DET</subfield>
  </datafield>
  <datafield tag="981" ind1=" " ind2=" ">
    <subfield code="a">(DE575-DE51)229109</subfield>
    <subfield code="9">LOCAL</subfield>
    <subfield code="M">49HBZ_DET</subfield>
  </datafield>
  <datafield tag="982" ind1=" " ind2=" ">
    <subfield code="a">Hotel- und Gaststättengewerbe</subfield>
    <subfield code="2">unaufgegliedert</subfield>
    <subfield code="9">LOCAL</subfield>
    <subfield code="M">49HBZ_DET</subfield>
  </datafield>
  <datafield tag="982" ind1=" " ind2=" ">
    <subfield code="a">Berlin</subfield>
    <subfield code="2">unaufgegliedert</subfield>
    <subfield code="9">LOCAL</subfield>
    <subfield code="M">49HBZ_DET</subfield>
  </datafield>
  <datafield tag="982" ind1=" " ind2=" ">
    <subfield code="a">Berlin</subfield>
    <subfield code="2">unaufgegliedert</subfield>
    <subfield code="9">LOCAL</subfield>
    <subfield code="M">49HBZ_DET</subfield>
  </datafield>
  <datafield tag="982" ind1=" " ind2=" ">
    <subfield code="a">Bremen</subfield>
    <subfield code="2">unaufgegliedert</subfield>
    <subfield code="9">LOCAL</subfield>
    <subfield code="M">49HBZ_DET</subfield>
  </datafield>
  <datafield tag="982" ind1=" " ind2=" ">
    <subfield code="a">Bremen</subfield>
    <subfield code="2">unaufgegliedert</subfield>
    <subfield code="9">LOCAL</subfield>
    <subfield code="M">49HBZ_DET</subfield>
  </datafield>
  <datafield tag="982" ind1=" " ind2=" ">
    <subfield code="a">Hamburg</subfield>
    <subfield code="2">unaufgegliedert</subfield>
    <subfield code="9">LOCAL</subfield>
    <subfield code="M">49HBZ_DET</subfield>
  </datafield>
  <datafield tag="982" ind1=" " ind2=" ">
    <subfield code="a">Hamburg</subfield>
    <subfield code="2">unaufgegliedert</subfield>
    <subfield code="9">LOCAL</subfield>
    <subfield code="M">49HBZ_DET</subfield>
  </datafield>
  <datafield tag="982" ind1=" " ind2=" ">
    <subfield code="a">Nordrhein-Westfalen</subfield>
    <subfield code="2">unaufgegliedert</subfield>
    <subfield code="9">LOCAL</subfield>
    <subfield code="M">49HBZ_DET</subfield>
  </datafield>
  <datafield tag="982" ind1=" " ind2=" ">
    <subfield code="a">Nordrhein-Westfalen</subfield>
    <subfield code="2">unaufgegliedert</subfield>
    <subfield code="9">LOCAL</subfield>
    <subfield code="M">49HBZ_DET</subfield>
  </datafield>
  <datafield tag="982" ind1=" " ind2=" ">
    <subfield code="a">Niedersachsen</subfield>
    <subfield code="2">unaufgegliedert</subfield>
    <subfield code="9">LOCAL</subfield>
    <subfield code="M">49HBZ_DET</subfield>
  </datafield>
  <datafield tag="982" ind1=" " ind2=" ">
    <subfield code="a">Niedersachsen</subfield>
    <subfield code="2">unaufgegliedert</subfield>
    <subfield code="9">LOCAL</subfield>
    <subfield code="M">49HBZ_DET</subfield>
  </datafield>
  <datafield tag="982" ind1=" " ind2=" ">
    <subfield code="a">Rheinland-Pfalz</subfield>
    <subfield code="2">unaufgegliedert</subfield>
    <subfield code="9">LOCAL</subfield>
    <subfield code="M">49HBZ_DET</subfield>
  </datafield>
  <datafield tag="982" ind1=" " ind2=" ">
    <subfield code="a">Rheinland-Pfalz</subfield>
    <subfield code="2">unaufgegliedert</subfield>
    <subfield code="9">LOCAL</subfield>
    <subfield code="M">49HBZ_DET</subfield>
  </datafield>
  <datafield tag="982" ind1=" " ind2=" ">
    <subfield code="a">Saarland</subfield>
    <subfield code="2">unaufgegliedert</subfield>
    <subfield code="9">LOCAL</subfield>
    <subfield code="M">49HBZ_DET</subfield>
  </datafield>
  <datafield tag="982" ind1=" " ind2=" ">
    <subfield code="a">Saarland</subfield>
    <subfield code="2">unaufgegliedert</subfield>
    <subfield code="9">LOCAL</subfield>
    <subfield code="M">49HBZ_DET</subfield>
  </datafield>
  <datafield tag="982" ind1=" " ind2=" ">
    <subfield code="a">Schleswig-Holstein</subfield>
    <subfield code="2">unaufgegliedert</subfield>
    <subfield code="9">LOCAL</subfield>
    <subfield code="M">49HBZ_DET</subfield>
  </datafield>
  <datafield tag="982" ind1=" " ind2=" ">
    <subfield code="a">Schleswig-Holstein</subfield>
    <subfield code="2">unaufgegliedert</subfield>
    <subfield code="9">LOCAL</subfield>
    <subfield code="M">49HBZ_DET</subfield>
  </datafield>
  <datafield tag="982" ind1=" " ind2=" ">
    <subfield code="a">Berlin</subfield>
    <subfield code="2">unaufgegliedert</subfield>
    <subfield code="9">LOCAL</subfield>
    <subfield code="M">49HBZ_DET</subfield>
  </datafield>
  <datafield tag="982" ind1=" " ind2=" ">
    <subfield code="a">Berlin</subfield>
    <subfield code="2">unaufgegliedert</subfield>
    <subfield code="9">LOCAL</subfield>
    <subfield code="M">49HBZ_DET</subfield>
  </datafield>
  <datafield tag="982" ind1=" " ind2=" ">
    <subfield code="a">Bremen</subfield>
    <subfield code="2">unaufgegliedert</subfield>
    <subfield code="9">LOCAL</subfield>
    <subfield code="M">49HBZ_DET</subfield>
  </datafield>
  <datafield tag="982" ind1=" " ind2=" ">
    <subfield code="a">Bremen</subfield>
    <subfield code="2">unaufgegliedert</subfield>
    <subfield code="9">LOCAL</subfield>
    <subfield code="M">49HBZ_DET</subfield>
  </datafield>
  <datafield tag="982" ind1=" " ind2=" ">
    <subfield code="a">Hamburg</subfield>
    <subfield code="2">unaufgegliedert</subfield>
    <subfield code="9">LOCAL</subfield>
    <subfield code="M">49HBZ_DET</subfield>
  </datafield>
  <datafield tag="982" ind1=" " ind2=" ">
    <subfield code="a">Hamburg</subfield>
    <subfield code="2">unaufgegliedert</subfield>
    <subfield code="9">LOCAL</subfield>
    <subfield code="M">49HBZ_DET</subfield>
  </datafield>
  <datafield tag="982" ind1=" " ind2=" ">
    <subfield code="a">Nordrhein-Westfalen</subfield>
    <subfield code="2">unaufgegliedert</subfield>
    <subfield code="9">LOCAL</subfield>
    <subfield code="M">49HBZ_DET</subfield>
  </datafield>
  <datafield tag="982" ind1=" " ind2=" ">
    <subfield code="a">Nordrhein-Westfalen</subfield>
    <subfield code="2">unaufgegliedert</subfield>
    <subfield code="9">LOCAL</subfield>
    <subfield code="M">49HBZ_DET</subfield>
  </datafield>
  <datafield tag="982" ind1=" " ind2=" ">
    <subfield code="a">Niedersachsen</subfield>
    <subfield code="2">unaufgegliedert</subfield>
    <subfield code="9">LOCAL</subfield>
    <subfield code="M">49HBZ_DET</subfield>
  </datafield>
  <datafield tag="982" ind1=" " ind2=" ">
    <subfield code="a">Niedersachsen</subfield>
    <subfield code="2">unaufgegliedert</subfield>
    <subfield code="9">LOCAL</subfield>
    <subfield code="M">49HBZ_DET</subfield>
  </datafield>
  <datafield tag="982" ind1=" " ind2=" ">
    <subfield code="a">Rheinland-Pfalz</subfield>
    <subfield code="2">unaufgegliedert</subfield>
    <subfield code="9">LOCAL</subfield>
    <subfield code="M">49HBZ_DET</subfield>
  </datafield>
  <datafield tag="982" ind1=" " ind2=" ">
    <subfield code="a">Rheinland-Pfalz</subfield>
    <subfield code="2">unaufgegliedert</subfield>
    <subfield code="9">LOCAL</subfield>
    <subfield code="M">49HBZ_DET</subfield>
  </datafield>
  <datafield tag="982" ind1=" " ind2=" ">
    <subfield code="a">Saarland</subfield>
    <subfield code="2">unaufgegliedert</subfield>
    <subfield code="9">LOCAL</subfield>
    <subfield code="M">49HBZ_DET</subfield>
  </datafield>
  <datafield tag="982" ind1=" " ind2=" ">
    <subfield code="a">Saarland</subfield>
    <subfield code="2">unaufgegliedert</subfield>
    <subfield code="9">LOCAL</subfield>
    <subfield code="M">49HBZ_DET</subfield>
  </datafield>
  <datafield tag="982" ind1=" " ind2=" ">
    <subfield code="a">Schleswig-Holstein</subfield>
    <subfield code="2">unaufgegliedert</subfield>
    <subfield code="9">LOCAL</subfield>
    <subfield code="M">49HBZ_DET</subfield>
  </datafield>
  <datafield tag="982" ind1=" " ind2=" ">
    <subfield code="a">Schleswig-Holstein</subfield>
    <subfield code="2">unaufgegliedert</subfield>
    <subfield code="9">LOCAL</subfield>
    <subfield code="M">49HBZ_DET</subfield>
  </datafield>
  <datafield tag="997" ind1=" " ind2=" ">
    <subfield code="a">20080215</subfield>
    <subfield code="9">LOCAL</subfield>
    <subfield code="M">49HBZ_DET</subfield>
  </datafield>
  <datafield tag="MBD" ind1=" " ind2=" ">
    <subfield code="M">49HBZ_BRIDGE_LBZ</subfield>
    <subfield code="i">99157455107506</subfield>
    <subfield code="n">Rheinische Landesbibliothek Koblenz</subfield>
  </datafield>
  <datafield tag="MNG" ind1=" " ind2=" ">
    <subfield code="c">System</subfield>
    <subfield code="f">ZDB</subfield>
    <subfield code="i">marc21</subfield>
    <subfield code="h">20230807195721.0</subfield>
    <subfield code="k">01</subfield>
    <subfield code="e">false</subfield>
    <subfield code="d">2023-08-07 20:24:40 Europe/Berlin</subfield>
    <subfield code="g">005430177-HBZ01</subfield>
    <subfield code="j">90</subfield>
    <subfield code="a">import</subfield>
    <subfield code="b">2021-04-05 18:28:32 Europe/Berlin</subfield>
  </datafield>
  <datafield tag="H16" ind1="7" ind2=" ">
    <subfield code="a">133469-4</subfield>
    <subfield code="2">DE-600</subfield>
    <subfield code="8">2294873830006480</subfield>
  </datafield>
  <datafield tag="H35" ind1=" " ind2=" ">
    <subfield code="a">(DE-600)137602960</subfield>
    <subfield code="8">2294873830006480</subfield>
  </datafield>
  <datafield tag="H35" ind1=" " ind2=" ">
    <subfield code="a">137602960-49hbz_det</subfield>
    <subfield code="8">2294873830006480</subfield>
  </datafield>
  <datafield tag="H92" ind1=" " ind2=" ">
    <subfield code="a">490100-9</subfield>
    <subfield code="d">51</subfield>
    <subfield code="k">NRW</subfield>
    <subfield code="l">a</subfield>
    <subfield code="o">c</subfield>
    <subfield code="8">2294873830006480</subfield>
  </datafield>
  <datafield tag="H52" ind1="8" ind2="1">
    <subfield code="b">LLB</subfield>
    <subfield code="c">LLB_Magvl</subfield>
    <subfield code="8">1</subfield>
    <subfield code="h">K 3902(2)</subfield>
    <subfield code="9">00</subfield>
    <subfield code="9">09</subfield>
    <subfield code="x">DE-51</subfield>
    <subfield code="8">2294873830006480</subfield>
  </datafield>
  <datafield tag="H59" ind1="0" ind2="0">
    <subfield code="8">1.1\x</subfield>
    <subfield code="a">24</subfield>
    <subfield code="i">1973</subfield>
    <subfield code="8">2294873830006480</subfield>
  </datafield>
  <datafield tag="H66" ind1="3" ind2="0">
    <subfield code="a">24.1973</subfield>
    <subfield code="8">2294873830006480</subfield>
  </datafield>
  <datafield tag="HOL" ind1=" " ind2=" ">
    <subfield code="b">2023-08-14 14:51:00</subfield>
    <subfield code="8">2294873830006480</subfield>
    <subfield code="M">49HBZ_DET</subfield>
    <subfield code="g">false</subfield>
    <subfield code="a">import</subfield>
  </datafield>
  <datafield tag="H16" ind1="7" ind2=" ">
    <subfield code="a">133469-4</subfield>
    <subfield code="2">DE-600</subfield>
    <subfield code="8">2285922320007506</subfield>
  </datafield>
  <datafield tag="H35" ind1=" " ind2=" ">
    <subfield code="a">(DE-600)007518447</subfield>
    <subfield code="8">2285922320007506</subfield>
  </datafield>
  <datafield tag="H92" ind1=" " ind2=" ">
    <subfield code="a">670100-0</subfield>
    <subfield code="8">2285922320007506</subfield>
  </datafield>
  <datafield tag="H52" ind1="8" ind2="1">
    <subfield code="t">1</subfield>
    <subfield code="c">kA</subfield>
    <subfield code="h">Per. 5502</subfield>
    <subfield code="8">1</subfield>
    <subfield code="b">R0003</subfield>
    <subfield code="8">2285922320007506</subfield>
  </datafield>
  <datafield tag="H59" ind1="1" ind2="0">
    <subfield code="8">1.2\x</subfield>
    <subfield code="i">1984</subfield>
    <subfield code="a">34</subfield>
    <subfield code="8">2285922320007506</subfield>
  </datafield>
  <datafield tag="H59" ind1="0" ind2="0">
    <subfield code="8">1.1\x</subfield>
    <subfield code="a">26</subfield>
    <subfield code="i">1976</subfield>
    <subfield code="a">28</subfield>
    <subfield code="i">1978</subfield>
    <subfield code="8">2285922320007506</subfield>
  </datafield>
  <datafield tag="H66" ind1="3" ind2="0">
    <subfield code="a">26.1976 ; 28.1978 - 34.1984</subfield>
    <subfield code="8">2285922320007506</subfield>
  </datafield>
  <datafield tag="HOL" ind1=" " ind2=" ">
    <subfield code="d">2023-08-08 13:04:55</subfield>
    <subfield code="8">2285922320007506</subfield>
    <subfield code="b">2023-08-08 13:04:55</subfield>
    <subfield code="M">49HBZ_BRIDGE_LBZ</subfield>
    <subfield code="g">false</subfield>
    <subfield code="a">System</subfield>
    <subfield code="c">System</subfield>
  </datafield>
</record>
